@Book{Vog99,
  author =	 {Helmut Vogel},
  title =	 {Gerthsen Physik},
  publisher =	 {Springer-Verlag},
  year =	 {1999},
  ISBN =	 {3-540-65479-8},
  edition =	 {20},
}

